%% This BibTeX bibliography file was created using BibDesk.
%% http://bibdesk.sourceforge.net/
% Encoding: UTF-8
@mastersthesis{TiF11,
 author = {Frattesi, Timothy and Griesbach,Douglas and Leith, Jonathan and Shaffer, Timothy}, 
title = {Replayability of Video Games},
school = {Worcester Polytechnic Institute},
year = {2011},
address = {Worcestershire, England},
month = {05},
}

@misc{MiT80,
title={Rogue}, 
author = {Toy, Michael and Wichman, Glenn},
year = {1980},
publisher = {NA: Epyx,EU: Mastertronic},
note = {game}
}

@misc{IdS93,
title={DOOM}, 
author = {id Software},
year = {1993},
publisher = {id Software},
note = {game}
}

@misc{Dab84,
title={Elite}, 
author = {Braben, David and Bell, Ian},
year = {1984},
publisher = {Acornsoft},
note = {game}
}

@misc{HaG16,
title={No Man’s Sky}, 
author = {Hello Games},
year = {2016},
publisher = {Hello Games},
note = {game}
}

@misc{MiP96,
title={Civilization II}, 
author = {MicroProse},
year = {1996},
publisher = {MicroProse},
note = {game}
}

@misc{MaR04,
title={ZenNode}, 
author = {Rousseau, Marc},
year = {2004},
url = {https://www.mrousseau.org/programs/ZenNode/},
note = {node,blockmap,reject builder}
}

@article{ChB17,
title = {A step towards procedural terrain generation with GANs},
author={Beckham, Christopher and Pal, Christopher},
year = {2017},
address = {Sydney, Australia},
month= {08},
journal = {34th International Conference on Machine Learning(ICML},
eprint={1707.03383},
archivePrefix={arXiv},
primaryClass={stat.ML}
}

@article{TiT11,
author={Tutenel, Tim and Smelik, Ruben M. and Lopes, Ricardo and de Kraker, Klaas Jan and Bidarra, Rafael},
journal={IEEE Transactions on Computational Intelligence and AI in Games}, 
title={Generating Consistent Buildings: A Semantic Approach for Integrating Procedural Techniques}, 
year={2011},
volume={3},
number={3},
pages={274-288},
doi={10.1109/TCIAIG.2011.2162842}
}

@article{JuZ17,
author={Zhu, Jun-Yan and Park, Taesung and Isola, Phillip and Efros, Alexei A.},
booktitle={2017 IEEE International Conference on Computer Vision (ICCV)}, 
title={Unpaired Image-to-Image Translation Using Cycle-Consistent Adversarial Networks}, 
year={2017},
volume={},
number={},
pages={2242-2251},
doi={10.1109/ICCV.2017.244}
}

@article{AxS21,
author = {Sauer, Axel and Chitta, Kashyap and Muller, Jens and Geiger, Andreas},
title = {Projected GANs Converge Faster},
journal = {CoRR},
volume = {abs/2111.01007},
year = {2021},
url = {https://arxiv.org/abs/2111.01007},
eprinttype = {arXiv},
eprint = {2111.01007},
biburl = {https://dblp.org/rec/journals/corr/abs-2111-01007.bib},
bibsource = {dblp computer science bibliography, https://dblp.org}
}

@article{KaS12,
author = {Karakovskiy, S. and Togelius, Julian},
year = {2012},
month = {03},
pages = {55-67},
title = {The Mario AI Benchmark and Competitions},
volume = {4},
journal = {Computational Intelligence and AI in Games, IEEE Transactions on},
doi = {10.1109/TCIAIG.2012.2188528}
}

@article{YaC14,
author = {Chen, Yaowen and Keivanloo, Iman and Roy, Chanchal},
year = {2014},
month = {05},
pages = {1-7},
title = {Near-miss software clones in open source games: An empirical study},
journal = {Canadian Conference on Electrical and Computer Engineering},
doi = {10.1109/CCECE.2014.6901018}
}

@article{MaH13,
author = {Hendrikx, Mark and Meijer, Sebastiaan and Velden, Joeri and Iosup, Alexandru},
year = {2013},
month = {02},
title = {Procedural Content Generation for Games: A Survey},
volume = {9},
journal = {ACM Transactions on Multimedia Computing, Communications, and Applications (TOMCCAP)},
doi = {10.1145/2422956.2422957}
}

@article{JuT11,
author={Togelius, Julian and Yannakakis, Georgios N. and Stanley, Kenneth O. and Browne, Cameron},
journal={IEEE Transactions on Computational Intelligence and AI in Games}, 
title={Search-Based Procedural Content Generation: A Taxonomy and Survey}, 
year={2011},
volume={3},
number={3},
pages={172-186},
doi={10.1109/TCIAIG.2011.2148116}
}

@misc{GaM21,
title={Symbolic Music Generation with Diffusion Models}, 
author={Mittal, Gautam and Engel, Jesse and Hawthorne, Curtis and Simon, Ian},
year={2021},
eprint={2103.16091},
archivePrefix={arXiv},
primaryClass={cs.SD}
}

@article {RoR22,
author = {R. Rombach and A. Blattmann and D. Lorenz and P. Esser and B. Ommer},
booktitle = {2022 IEEE/CVF Conference on Computer Vision and Pattern Recognition (CVPR)},
title = {High-Resolution Image Synthesis with Latent Diffusion Models},
year = {2022},
volume = {},
issn = {},
pages = {10674-10685},
doi = {10.1109/CVPR52688.2022.01042},
url = {https://doi.ieeecomputersociety.org/10.1109/CVPR52688.2022.01042},
publisher = {IEEE Computer Society},
address = {Los Alamitos, CA, USA},
month = {06}
}

@article{JiL20,
author = {Liu, Jialin and Snodgrass, Sam and Khalifa, Ahmed and Risi, Sebastian and Yannakakis, Georgios and Togelius, Julian},
year = {2020},
month = {10},
title = {Deep Learning for Procedural Content Generation},
doi = {10.1007/s00521-020-05383-8},
url = {https://doi.org/10.1007/2Fs00521-020-05383-8},    
publisher = {Springer Science and Business Media {LLC}},
volume = {33},
number = {1},  
pages = {19--37},   
journal = {Neural Computing and Applications}
}

@article{GuL16,
author = {Lample, Guillaume and Chaplot, Devendra},
year = {2016},
month = {09},
title = {Playing FPS Games with Deep Reinforcement Learning},
journal = {CoRR},
volume  = {abs/1609.05521},
url = {http://arxiv.org/abs/1609.05521},
eprinttype = {arXiv},
eprint = {1609.05521},
biburl = {https://dblp.org/rec/journals/corr/LampleC16.bib},
bibsource = {dblp computer science bibliography, https://dblp.org}
}

@misc{SaE20,
title={Using Fractal Neural Networks to Play SimCity 1 and Conway's Game of Life at Variable Scales}, 
author = {Earle, Sam},
year = {2020},
month = {01},
journal = {CoRR},
volume = {abs/2002.03896},
url = {https://arxiv.org/abs/2002.03896},
eprinttype = {arXiv},
eprint = {2002.03896},
biburl = {https://dblp.org/rec/journals/corr/abs-2002-03896.bib},
bibsource = {dblp computer science bibliography, https://dblp.org}
}

@article{DaK21,
author={Karavolos, Daniel and Liapis, Antonios and Yannakakis, Georgios},
journal={IEEE Transactions on Games}, 
title={A Multifaceted Surrogate Model for Search-Based Procedural Content Generation}, 
year={2021},
volume={13},
number={1},
pages={11-22},
doi={10.1109/TG.2019.2931044}
}

@article{AdS21, 
title={Learning Player Tailored Content From Observation: Platformer Level Generation from Video Traces using LSTMs}, 
volume={12}, 
url={https://ojs.aaai.org/index.php/AIIDE/article/view/12895}, 
doi={10.1609/aiide.v12i2.12895},  
author={Summerville, Adam and Guzdial, Matthew and Mateas, Michael and Riedl, Mark},
year={2021}, 
month={06}, 
pages={107-113}
}

@article{Yut18,
author = {Tsujino, Yudai and Yamanishi, Ryosuke},
year = {2018},
month = {08},
pages = {175-187},
title = {Dance Dance Gradation: A Generation of Fine-Tuned Dance Charts},
journal = {17th IFIP TC 14 International Conference, WCC 2018},
address = {Poznan, Poland},
isbn = {978-3-319-99425-3},
doi = {10.1007/978-3-319-99426-0_15}
}

@article{AhK20,
title={PCGRL: Procedural Content Generation via Reinforcement Learning}, 
eprint={2001.09212},
archivePrefix={arXiv},
primaryClass={cs.LG},
author = {Khalifa, Ahmed and Bontrager, Philip and Earle, Sam and Togelius, Julian},
year = {2020},
month = {01},
journal = {CoRR},
volume = {abs/2001.09212},
url = {https://arxiv.org/abs/2001.09212},
biburl = {https://dblp.org/rec/journals/corr/abs-2001-09212.bib},
bibsource = {dblp computer science bibliography, https://dblp.org}
}

@article{KyP19,
author={Park, Kyungjin and Mott, Bradford W. and Min, Wookhee and Boyer, Kristy Elizabeth and Wiebe, Eric N. and Lester, James C.},
booktitle={2019 IEEE Conference on Games (CoG)}, 
title={Generating Educational Game Levels with Multistep Deep Convolutional Generative Adversarial Networks}, 
year={2019},
volume={},
number={},
pages={1-8},
doi={10.1109/CIG.2019.8848085}
}

@article{EdG18,
author={Giacomello, Edoardo and Lanzi, Pier Luca and Loiacono, Daniele},
booktitle={2018 IEEE Games, Entertainment, Media Conference (GEM)}, 
title={DOOM Level Generation Using Generative Adversarial Networks}, 
year={2018},
volume={},
number={},
pages={316-323},
doi={10.1109/GEM.2018.8516539}
}

@misc{MaF94,
author = {Fell, Matthew}, 
title = {The Unofficial Doom Specs},
url = {https://www.gamers.org/dhs/helpdocs/dmsp1666.htmlc},
year = {1994}
}

@article{IaG14,
author = {Goodfellow, Ian and Pouget-Abadie, Jean and Mirza, Mehdi and Xu, Bing and Warde-Farley, David and Ozair, Sherjil and Courville, Aaron and Bengio, Y.},
year = {2014},
month = {06},
pages = {},
title = {Generative Adversarial Networks},
volume = {3},
journal = {Advances in Neural Information Processing Systems},
doi = {10.1145/3422622}
}

@article{AlR16,
author = {Radford, Alec and Metz, Luke and Chintala, Soumith},
year = {2016},
month = {11},
title = {Unsupervised Representation Learning with Deep Convolutional Generative Adversarial Networks}, 
booktitle = {4th International Conference on Learning Representations, Conference Track Proceedings},
url = {http://arxiv.org/abs/1511.06434},
biburl = {https://dblp.org/rec/journals/corr/RadfordMC15.bib},
bibsource = {dblp computer science bibliography, https://dblp.org}
}

@article{MaA17,
title={Wasserstein GAN}, 
author={Arjovsky, Martin and Chintala, Soumith and Bottou, Léon},
year={2017},
month = {08},
journal = {ICML'17: Proceedings of the 34th International Conference on Machine Learning},
volume = {70},
pages = {214–223},
publisher = {JMLR},
eprint={1701.07875},
archivePrefix={arXiv},
primaryClass={stat.ML}
}

@article{IsG17,
author = {Gulrajani, Ishaan and Ahmed, Faruk and Arjovsky, Martin and Dumoulin, Vincent and Courville, Aaron},
year = {2017},
month = {12},
journal = {NIPS'17: Proceedings of the 31st International Conference on Neural Information Processing Systems},
pages = {5769–5779},
title = {Improved Training of Wasserstein GANs},
publisher = {Curran Associates Inc.},
address = {Red Hook, NY, United States}
}

@article{OlR15,
author = {Ronneberger, Olaf and Fischer, Philipp and Brox, Thomas},
year = {2015},
month = {10},
pages = {234-241},
title = {U-Net: Convolutional Networks for Biomedical Image Segmentation},
volume = {9351},
isbn = {978-3-319-24573-7},
journal = {LNCS},
doi = {10.1007/978-3-319-24574-4_28}
}

@article{PhI17,
author = {Isola, Phillip and Zhu, Jun-Yan and Zhou, Tinghui and Efros, Alexei},
year = {2017},
month = {07},
pages = {5967-5976},
url = {https://doi.ieeecomputersociety.org/10.1109/CVPR.2017.632},
publisher = {IEEE Computer Society},
address = {Los Alamitos, CA, USA},
booktitle = {2017 IEEE Conference on Computer Vision and Pattern Recognition (CVPR)},
title = {Image-to-Image Translation with Conditional Adversarial Networks},
doi = {10.1109/CVPR.2017.632}
}

@article{BdR17,
title={The Second-Order Analysis of Stationary Point Processes}, 
author={Ripley, B. D.},
year={1976},
month = {06},
journal = {Journal of Applied Probabilityg},
volume = {13},
pages = {255–266},
publisher = {JSTOR},
doi = {10.2307/3212829}
}

@inbook{AmM21,
author = {Mathew, Amitha and Arul, Amudha and Sivakumari, S.},
year = {2021},
month = {01},
pages = {599-608},
title = {Deep Learning Techniques: An Overview},
isbn = {978-981-15-3382-2},
doi = {10.1007/978-981-15-3383-9_54}
}

@article{LiW15,
author = {Wilschut, Liesbeth and Laudisoit, Anne and Hughes, Nelika and Addink, Elisabeth and De Jong, Steven and Heesterbeek, Hans and Reijniers, Jonas and Eagle, Sally and Dubyanskiy, Vladimir and Begon, Mike},
year = {2015},
month = {05},
pages = {},
title = {Spatial distribution patterns of plague hosts: Point pattern analysis of the burrows of great gerbils in Kazakhstan},
volume = {42},
journal = {Journal of Biogeography},
doi = {10.1111/jbi.12534}
}

@article{JoS18,
title={Generalizations of Ripley's K-function with Application to Space Curves}, 
year={2018},
eprint={1812.06870},
archivePrefix={arXiv},
primaryClass={stat.ME},
author = {Sporring, Jon and Waagepetersen, Rasmus and Sommer, Stefan},
month = {12},
pages ={731-742},
volume = {11492},
journal = {26th International Conference on Information Processing in Medical Imaging (IPMI)},
title = {Generalizations of Ripley's K-function with Application to Space Curves}
}

@article{XuW22,
author = {Wang, Xuan and Yi, Jinglei and Guo, Jian and Song, Yongchao and Lyu, Jun and Xu, Jindong and Yan, Weiqing and Zhao, Jindong and Cai, Qing and Min, Haigen},
title = {A Review of Image Super-Resolution Approaches Based on Deep Learning and Applications in Remote Sensing},
journal = {Remote Sensing},
volume = {14},
year = {2022},
number = {21},
url = {https://www.mdpi.com/2072-4292/14/21/5423},
issn = {2072-4292},
doi = {10.3390/rs14215423}
}

@article{DeT20,
author = {Talwar, Deepak and Guruswamy, Sachin and Ravipati, Naveen and Eirinaki, Magdalini},
year = {2020},
month = {08},
pages = {73-80},
title = {Evaluating Validity of Synthetic Data in Perception Tasks for Autonomous Vehicles},
doi = {10.1109/AITEST49225.2020.00018}
}

@article{AsV17,
author = {Vaswani, Ashish and Shazeer, Noam and Parmar, Niki and Uszkoreit, Jakob and Jones, Llion and Gomez, Aidan and Kaiser, Lukasz and Polosukhin, Illia},
year = {2017},
month = {06},
title = {Attention Is All You Need},
journal = {CoRR},
volume = {abs/1706.03762},
url = {http://arxiv.org/abs/1706.03762},
eprinttype = {arXiv},
eprint = {1706.03762},
biburl = {https://dblp.org/rec/journals/corr/VaswaniSPUJGKP17.bib},
bibsource = {dblp computer science bibliography, https://dblp.org}
}

@article{WaM90,
author = {McCulloch, Warren and Pitts,Walter},
year = {1990},
title = {A Logical Calculus of the Ideas Immanent in Nervous Activity},
journal = {Bulletin of Mothemnticnl Biology},
volume = {52},
number = {1/2},
pages = {99-115},
url = {http://arxiv.org/abs/1706.03762},
}

@article{SeH97,
author = {Hochreiter, Sepp and Schmidhuber, Jürgen},
year = {1997},
month = {12},
pages = {1735-80},
title = {Long Short-term Memory},
volume = {9},
journal = {Neural computation},
doi = {10.1162/neco.1997.9.8.1735}
}

@article{AlZ19,
author = {Zeyer, Albert and Bahar, Parnia and Irie, Kazuki and Schluter, Ralf and Ney, Hermann},
year = {2019},
month = {12},
pages = {8-15},
journal = {IEEE Automatic Speech Recognition and Understanding},
title = {A Comparison of Transformer and LSTM Encoder Decoder Models for ASR},
doi = {10.1109/ASRU46091.2019.9004025}
}

@article{LiY22,
author = {Yang, Ling and Zhang, Zhilong and Song, Yang and Hong, Shenda and Xu, Runsheng and Zhao, Yue and Zhang, Wentao and Cui, Bin and Yang, Ming-Hsuan},
title = {Diffusion Models: A Comprehensive Survey of Methods and Applications},
year = {2022},
 month = {09},
doi = {10.48550/arXiv.2209.00796},
eprint = {2209.00796},
primaryClass = {cs.LG},
adsurl = {https://ui.adsabs.harvard.edu/abs/2022arXiv220900796Y},
adsnote = {Provided by the SAO/NASA Astrophysics Data System}
}

@article{AlK12,
author = {Krizhevsky, Alex and Sutskever, Ilya and Hinton, Geoffrey},
year = {2012},
month = {01},
pages = {},
title = {ImageNet Classification with Deep Convolutional Neural Networks},
volume = {25},
journal = {Neural Information Processing Systems},
doi = {10.1145/3065386}
}

@article{TeK19,
author = {Karras, Tero and Laine, Samuli and Aila, Timo},
title = {A Style-Based Generator Architecture for Generative Adversarial Networks},
journal = {CoRR},
volume = {abs/1812.04948},
url = {http://arxiv.org/abs/1812.04948},
eprinttype = {arXiv},
eprint = {1812.04948},
timestamp = {Tue, 01 Jan 2019 15:01:25 +0100},
biburl = {https://dblp.org/rec/journals/corr/abs-1812-04948.bib},
bibsource = {dblp computer science bibliography, https://dblp.org},
year = {2019},
month = {06},
pages = {4396-4405},
title = {A Style-Based Generator Architecture for Generative Adversarial Networks},
doi = {10.1109/CVPR.2019.00453}
}

@article{ChW21,
author = {Wang, Chien-Yao and Yeh, I-Hau and Liao, Hong-yuan},
year = {2021},
month = {05},
title = {You Only Learn One Representation: Unified Network for Multiple Tasks},
journal = {CoRR},
volume = {abs/2105.04206},
url = {https://arxiv.org/abs/2105.04206},
eprinttype = {arXiv},
eprint = {2105.04206},
biburl = {https://dblp.org/rec/journals/corr/abs-2105-04206.bib},
bibsource = {dblp computer science bibliography, https://dblp.org}
}

@article{ZiL23,
author = {Li, Zimeng and Zhu, Shichao and Shao, Bin and Zeng, Xiangxiang and Wang, Tong and Liu, Tie-Yan},
year = {2023},
month = {01},
pages = {},
title = {DSN-DDI: an accurate and generalized framework for drug–drug interaction prediction by dual-view representation learning},
volume = {24},
journal = {Briefings in Bioinformatics},
doi = {10.1093/bib/bbac597}
}

